@ARTICLE{2016MNRAS.461.3296N,
       author = {{Nakamura}, Ko and {Horiuchi}, Shunsaku and {Tanaka}, Masaomi and
        {Hayama}, Kazuhiro and {Takiwaki}, Tomoya and {Kotake}, Kei},
        title = "{Multimessenger signals of long-term core-collapse supernova simulations:
        synergetic observation strategies}",
      journal = {\mnras},
     keywords = {gravitational waves, neutrinos, supernovae: general, Galaxy: general,
        Astrophysics - High Energy Astrophysical Phenomena, General
        Relativity and Quantum Cosmology, High Energy Physics -
        Experiment, Physics - Instrumentation and Detectors},
         year = 2016,
        month = Sep,
       volume = {461},
        pages = {3296-3313},
          doi = {10.1093/mnras/stw1453},
 primaryClass = {astro-ph.HE},
       adsurl = {https://ui.adsabs.harvard.edu/#abs/2016MNRAS.461.3296N},
      adsnote = {Provided by the SAO/NASA Astrophysics Data System}
}

@ARTICLE{2016APh....81...39A,
       author = {{Abe}, K. and {Haga}, Y. and {Hayato}, Y. and {Ikeda}, M. and {Iyogi},
        K. and {Kameda}, J. and {Kishimoto}, Y. and {Miura}, M. and
        {Moriyama}, S. and {Nakahata}, M. and {Nakano}, Y. and
        {Nakayama}, S. and {Sekiya}, H. and {Shiozawa}, M. and {Suzuki},
        Y. and {Takeda}, A. and {Tanaka}, H. and {Tomura}, T. and
        {Ueno}, K. and {Wendell}, R.~A. and {Yokozawa}, T. and {Irvine},
        T. and {Kajita}, T. and {Kametani}, I. and {Kaneyuki}, K. and
        {Lee}, K.~P. and {McLachlan}, T. and {Nishimura}, Y. and
        {Richard}, E. and {Okumura}, K. and {Labarga}, L. and
        {Fernandez}, P. and {Berkman}, S. and {Tanaka}, H.~A. and
        {Tobayama}, S. and {Gustafson}, J. and {Kearns}, E. and {Raaf},
        J.~L. and {Stone}, J.~L. and {Sulak}, L.~R. and {Goldhaber}, M.
        and {Carminati}, G. and {Kropp}, W.~R. and {Mine}, S. and
        {Weatherly}, P. and {Renshaw}, A. and {Smy}, M.~B. and {Sobel},
        H.~W. and {Takhistov}, V. and {Ganezer}, K.~S. and {Hartfiel},
        B.~L. and {Hill}, J. and {Keig}, W.~E. and {Hong}, N. and {Kim},
        J.~Y. and {Lim}, I.~T. and {Akiri}, T. and {Himmel}, A. and
        {Scholberg}, K. and {Walter}, C.~W. and {Wongjirad}, T. and
        {Ishizuka}, T. and {Tasaka}, S. and {Jang}, J.~S. and {Learned},
        J.~G. and {Matsuno}, S. and {Smith}, S.~N. and {Hasegawa}, T.
        and {Ishida}, T. and {Ishii}, T. and {Kobayashi}, T. and
        {Nakadaira}, T. and {Nakamura}, K. and {Oyama}, Y. and
        {Sakashita}, K. and {Sekiguchi}, T. and {Tsukamoto}, T. and
        {Suzuki}, A.~T. and {Takeuchi}, Y. and {Bronner}, C. and
        {Hirota}, S. and {Huang}, K. and {Ieki}, K. and {Kikawa}, T. and
        {Minamino}, A. and {Murakami}, A. and {Nakaya}, T. and {Suzuki},
        K. and {Takahashi}, S. and {Tateishi}, K. and {Fukuda}, Y. and
        {Choi}, K. and {Itow}, Y. and {Mitsuka}, G. and {Mijakowski}, P.
        and {Hignight}, J. and {Imber}, J. and {Jung}, C.~K. and
        {Yanagisawa}, C. and {Wilking}, M.~J. and {Ishino}, H. and
        {Kibayashi}, A. and {Koshio}, Y. and {Mori}, T. and {Sakuda}, M.
        and {Yamaguchi}, R. and {Yano}, T. and {Kuno}, Y. and {Tacik},
        R. and {Kim}, S.~B. and {Okazawa}, H. and {Choi}, Y. and
        {Nishijima}, K. and {Koshiba}, M. and {Suda}, Y. and {Totsuka},
        Y. and {Yokoyama}, M. and {Martens}, K. and {Marti}, Ll. and
        {Vagins}, M.~R. and {Martin}, J.~F. and {de Perio}, P. and
        {Konaka}, A. and {Chen}, S. and {Zhang}, Y. and {Connolly}, K.
        and {Wilkes}, R.~J.},
        title = "{Real-time supernova neutrino burst monitor at Super-Kamiokande}",
      journal = {Astroparticle Physics},
     keywords = {Supernova, Neutrinos, Super-Kamiokande, Astrophysics - High Energy
        Astrophysical Phenomena, Astrophysics - Solar and Stellar
        Astrophysics},
         year = 2016,
        month = Aug,
       volume = {81},
        pages = {39-48},
          doi = {10.1016/j.astropartphys.2016.04.003},
 primaryClass = {astro-ph.HE},
       adsurl = {https://ui.adsabs.harvard.edu/#abs/2016APh....81...39A},
      adsnote = {Provided by the SAO/NASA Astrophysics Data System}
}

@ARTICLE{2012ARNPS..62...81S,
       author = {{Scholberg}, Kate},
        title = "{Supernova Neutrino Detection}",
      journal = {Annual Review of Nuclear and Particle Science},
     keywords = {Astrophysics - Instrumentation and Methods for Astrophysics, High Energy
        Physics - Experiment, High Energy Physics - Phenomenology,
        Nuclear Experiment},
         year = 2012,
        month = Nov,
       volume = {62},
        pages = {81-103},
          doi = {10.1146/annurev-nucl-102711-095006},
archivePrefix = {arXiv},
       eprint = {1205.6003},
 primaryClass = {astro-ph.IM},
       adsurl = {https://ui.adsabs.harvard.edu/#abs/2012ARNPS..62...81S},
      adsnote = {Provided by the SAO/NASA Astrophysics Data System}
}

@ARTICLE{2004NJPh....6..114A,
       author = {{Antonioli}, Pietro and {Tresch Fienberg}, Richard and {Fleurot},
        Rabrice and {Fukuda}, Yoshiyuki and {Fulgione}, Walter and
        {Habig}, Alec and {Heise}, Jaret and {McDonald}, Arthur B. and
        {Mills}, Corrinne and {Namba}, Toshio and {Robinson}, Leif J.
        and {Scholberg}, Kate and {Schwendener}, Michael and {Sinnott},
        Roger W. and {Stacey}, Blake and {Suzuki}, Yoichiro and
        {Tafirout}, R{\'e}da and {Vigorito}, Carlo and {Viren}, Brett
        and {Virtue}, Clarence and {Zichichi}, Antonino},
        title = "{SNEWS: the SuperNova Early Warning System}",
      journal = {New Journal of Physics},
     keywords = {Astrophysics},
         year = 2004,
        month = Jul,
       volume = {6},
        pages = {114},
          doi = {10.1088/1367-2630/6/1/114},
archivePrefix = {arXiv},
       eprint = {astro-ph/0406214},
 primaryClass = {astro-ph},
       adsurl = {https://ui.adsabs.harvard.edu/#abs/2004NJPh....6..114A},
      adsnote = {Provided by the SAO/NASA Astrophysics Data System}
}

